<?xml version="1.0" encoding="UTF-8"?><collection><record><leader>10643ntm a2200877 a 4500</leader><controlfield tag="001">006819164</controlfield><controlfield tag="003">MiAaHDL</controlfield><controlfield tag="005">20190719000000.0</controlfield><controlfield tag="006">m        d        </controlfield><controlfield tag="007">cr bn ---auaua</controlfield><controlfield tag="008">090616s1935    xx            00| ||ara d</controlfield><datafield tag="035" ind1=" " ind2=" "><subfield code="a">(MiU)006819164</subfield></datafield><datafield tag="035" ind1=" " ind2=" "><subfield code="a">sdr-miu006819164</subfield></datafield><datafield tag="040" ind1=" " ind2=" "><subfield code="a">MiU</subfield><subfield code="c">MiU</subfield><subfield code="e">amremm</subfield></datafield><datafield tag="043" ind1=" " ind2=" "><subfield code="a">n-us-mi</subfield></datafield><datafield tag="100" ind1="1" ind2=" "><subfield code="6">880-01</subfield><subfield code="a">Ṣadr al-Dīn Shīrāzī, Muḥammad ibn Ibrāhīm,</subfield><subfield code="d">-1641.</subfield></datafield><datafield tag="240" ind1="1" ind2="0"><subfield code="6">880-02</subfield><subfield code="a">Mashāʻir</subfield></datafield><datafield tag="245" ind1="1" ind2="0"><subfield code="6">880-03</subfield><subfield code="a">[Risālat al-Mashāʻir ...etc.,</subfield><subfield code="f">1354, i.e. 1935].</subfield></datafield><datafield tag="246" ind1="3" ind2="8"><subfield code="a">رسالة المشاعر</subfield></datafield><datafield tag="260" ind1=" " ind2=" "><subfield code="c">[1935].</subfield></datafield><datafield tag="300" ind1=" " ind2=" "><subfield code="a">360 leaves :</subfield><subfield code="b">paper ;</subfield><subfield code="c">313 x 210 bound to 321 x 222 mm.</subfield></datafield><datafield tag="500" ind1=" " ind2=" "><subfield code="a">Shelfmark: Ann Arbor, University of Michigan, Special Collections Library, Isl. Ms. 915</subfield></datafield><datafield tag="500" ind1=" " ind2=" "><subfield code="a">Origin: As appears in colophon on p.52, transcription of Risālat al-Mashāʻir completed in Ramaḍān 1354, corresponding to December 1935. Date at close of al-Ṭūṣī's Risālah fī ḥaqīqat al-ʻilm wa-al-ʻālim wa-al-maʻlūm likely transcribed verbatim from the exemplar. As appears in colophon on p.111, transcription of al-ʻArshīyah completed 28 Ramaḍān 1354, corresponding to 24 December 1935. Opening works possibly transcribed directly from an 1897 Tehran lithographed edition (a Majmūʻah with complete contents listed at close on p.210, see Princeton Near East Collections B753.M83 M374 1897 and compare text of Muqaddimat Sharḥ al-ʻArshīyah, p.110). Other works likely transcribed around the same time. All likely transcribed in Egypt by the same copyist. Bound for James Heyworth-Dunne (d.1974).</subfield></datafield><datafield tag="500" ind1=" " ind2=" "><subfield code="a">Former shelfmark: Mich. Isl. Ms. temp. no. 64</subfield></datafield><datafield tag="500" ind1=" " ind2=" "><subfield code="a">Binding: Boards covered in dark green cloth with dark green leather over spine (quarter binding) ; pastedowns and flyleaves in wove paper printed with a floral vegetal pattern in green ; spine gold-stamped with title and decorative accents over raised bands "رسالة المشاعر | J.H.D." ; sewing difficult to examine ; stuck-on endbands (blue and white stripe) ; overall in fairly good condition.</subfield></datafield><datafield tag="500" ind1=" " ind2=" "><subfield code="a">Support: Lined / ruled wove paper.</subfield></datafield><datafield tag="500" ind1=" " ind2=" "><subfield code="a">Script: Ruqʻah ; quick, compact, modern hand in a medium line ; serifless and freely ligatured with mainly closed counters, slight effect of words descending to baseline, pointing somewhat careless and in strokes rather than distinct dots.</subfield></datafield><datafield tag="500" ind1=" " ind2=" "><subfield code="a">Layout: Written mainly in 26-27 lines per page.</subfield></datafield><datafield tag="500" ind1=" " ind2=" "><subfield code="a">Collation: Pagination in pencil, Western numerals, supplied during digitization ; occasional repetition of final word on verso on recto of following leaf.</subfield></datafield><datafield tag="500" ind1=" " ind2=" "><subfield code="a">Colophon: [Risālat al-Mashāʻir] "Scribal," reads "تم بعون الملك الودود الذي هو مفيض الخير والعلم والجود في شهر جمادى الآخرة عام الف وثلثمائة وخمس عشر وقد [...؟] مع تعليقاتنا عليه في شهر رمضان من شهور سنة ١٣٥٤ هجرية الموافق لشهر ديسبر من شهور سنة ١٩٣٥ ميلادية على نبينا وعلى روح الله وكلمته وعلى جميع النبيين والمرسلين الف صلاة وتسليم وتحية و ... ختم ووصية ..." ; [al-ʻArshīyah] "Scribal," reads "تم في يوم الثلاثاء الثامن والعشرين من رمضان ١٣٥٤ هحرية الموافق للرابع والعشرين من ديسمبر ١٩٣٥ ميلادية ..."</subfield></datafield><datafield tag="500" ind1=" " ind2=" "><subfield code="a">Incipit: [Risālat al-Mashāʻir] "نحمد الله ونستعين بقوته التي اقام بها ملكوت الارض والسموات العلى وبكلمته التي انشأ بها نشأتي الاخرة والاولى على تهذيب القوى القابلة للاستكمال ... اما بعد فيقول اقل الخلائق قدرا وجرما واكثرهم خطئا وجرما محمد المشتهر بصدر الدين يقول ايها الاخوان السالكون الى الله بنور العرفان ..." ; [ Risālah fī ḥaqīqat al-ʻilm] "هذه رسالة في حقيقة العلم والعالم والمعلوم للعلامة ... نصير الدين ... الطوسي قدس الله سره وضعها ليوضح فيها حقيقة العلم اللدني والكسبي باسمك اللهم وبحمدك اعلم وفقنا الله واياك ان لا بد من معرفة العلم والعالم والمعلوم ..." [Muqaddimat Sharḥ al-ʻArshīyah] "الحمد لله وزان علمه وكفى والصلاة على عباده الذين اصطفى وبعد فان الرسالة الموسومة بالعرشية ..." ; [al-ʻArshīyah] "الحمد لله الذي جعلنا ممن شرح صدره للاسلام فهو على نور من ربه ..." ; [Sharḥ al-ʻArshīyah] "قال المصنف قدس سره بسم الله الرحمن الرحيم الحمد لله قال الشارح العريف اما للجنس او الاستغراق ويحتمل العهد الحضوري والذهني ايضا ..." ; [Asrār al-āyāt ] "هذا كتاب اسرار الايات لامام المتألهين ... نحمدك اللهم يا من تحيرت في بيداء كبريائه الالباب ..." ; [Sharḥ Fuṣūṣ al-ḥikam] "من شرح الاستاذ الفاضل ... عبد الرزاق القاشاني ... الحمد لله الاحد بذاته وكبريائه الواحد بصفاته واسمائه ..."</subfield></datafield><datafield tag="500" ind1=" " ind2=" "><subfield code="a">Title from inscription on 'title page' (p.3) and incipit page (p.4).</subfield></datafield><datafield tag="500" ind1=" " ind2=" "><subfield code="a">Ms. codex.</subfield></datafield><datafield tag="505" ind1="0" ind2=" "><subfield code="a">7. p.449-p. 720 : [Sharḥ Fuṣūṣ al-ḥikam] / ʻAbd al-Razzāq al-Qāshānī.</subfield></datafield><datafield tag="505" ind1="0" ind2=" "><subfield code="a">6. p.280-p.448 : Hādhā Kitāb Asrār al-āyāt / Muḥammad ibn Ibrāhīm Ṣadr al-Dīn al-Shīrāzī.</subfield></datafield><datafield tag="505" ind1="0" ind2=" "><subfield code="a">5. p.112-p.280 : [Sharḥ al-Risālah al-mawsūmah bi-al-ʻArshīyah] / Muḥammad Ismāʻīl ibn al-Sumayʻ al-Iṣfahānī.</subfield></datafield><datafield tag="505" ind1="0" ind2=" "><subfield code="a">4. p.59-p.111 : Hādhihi al-Risālah al-musammāh bi-al-ʻArshīyah / Muḥammad ibn Ibrāhīm Ṣadr al-Dīn Shīrāzī.</subfield></datafield><datafield tag="505" ind1="0" ind2=" "><subfield code="a">3. p.57-p.59 : [Muqaddimat Sharḥ al-ʻArshīyah].</subfield></datafield><datafield tag="505" ind1="0" ind2=" "><subfield code="a">2. p.52-p.57 : Hādhihi Risālah fī ḥaqīqat al-ʻilm wa-al-ʻālim wa-al-maʻlūm / Naṣīr al-Dīn al-Ṭūṣī.</subfield></datafield><datafield tag="505" ind1="0" ind2=" "><subfield code="a">1. p.1-p.52 : Risālat al-Mashāʻir / Muḥammad ibn Ibrāhīm Ṣadr al-Dīn Shīrāzī.</subfield></datafield><datafield tag="510" ind1="4" ind2=" "><subfield code="a">Brockelmann, C. GAL,</subfield><subfield code="c">I 442</subfield></datafield><datafield tag="510" ind1="4" ind2=" "><subfield code="a">Āghā Buzurg al-Ṭihrānī. al-Dharīʻah ilá taṣānīf al-Shīʻah, no.1374 vol.13 p.368</subfield></datafield><datafield tag="510" ind1="4" ind2=" "><subfield code="a">Princeton Near East Collections B753.M83 M374 1897 (Majmūʻah, opening with Kitāb al-Mashāʻir of Ṣadr al-Dīn Shīrāzī). [Tehran], 1897.</subfield></datafield><datafield tag="510" ind1="4" ind2=" "><subfield code="a">Brockelmann, C. GAL,</subfield><subfield code="c">I 670-6 ; S I 924-33 ; S III 1245-7</subfield></datafield><datafield tag="510" ind1="4" ind2=" "><subfield code="a">MacEoin, D. "Mullā Ṣadrā S̲H̲īrāzī Ṣadr al-Dīn Muḥammad b. Ibrāhīm Ḳawāmī S̲h̲īrāzī." In EI2,</subfield><subfield code="c">vol. VII, p.547, col. 2</subfield></datafield><datafield tag="510" ind1="4" ind2=" "><subfield code="a">Brockelmann, C. GAL,</subfield><subfield code="c">II 413 ; S II 588 ff.</subfield></datafield><datafield tag="520" ind1="8" ind2=" "><subfield code="a">Careful copy of a collection of works (majmūʻah) opening with Kitāb al-Mashāʻir, the work on ontology by Mullā Ṣadrā Shīrāzī (d.1641), renowned philosopher of the Ṣafavid period, followed by a work on mystical knowledge by Naṣīr al-Dīn al-Ṭūṣī (d.1274), followed by an introduction to the commentary by Muḥammad Ismāʻīl ibn al-Sumayʻ al-Iṣfahānī (d.1860 or 61) on al-Ḥikmah al-ʻarshīyah, the popular work on knowledge of God and eschatology also by Mullā Ṣadrā, followed by al-ʻArshīyah itself with an internal commentary (possibly authored by the copyist), followed by the text of the commentary, followed by Mullā Ṣadrā's Asrār al-āyāt, and concluding with an incomplete transcript of the commentary by ʻAbd al-Razzāq al-Qāshānī (d.1330?) on Ibn ʻArabī’s Fuṣūṣ al-ḥikam.</subfield></datafield><datafield tag="538" ind1=" " ind2=" "><subfield code="a">Mode of access: Internet.</subfield></datafield><datafield tag="541" ind1=" " ind2=" "><subfield code="a">Acquired in the Fall of 1950.</subfield></datafield><datafield tag="546" ind1=" " ind2=" "><subfield code="a">Arabic.</subfield></datafield><datafield tag="561" ind1=" " ind2=" "><subfield code="a">On upper pastedown label with ex libris of James Heyworth-Dunne (d.1974), stamped with inventory number, "Ex Libris | J. Heyworth-Dunne | D. Lit. (London) | No 7956" ; possible former inventory mark in pencil on opening leaf [left blank] (p.5) "231 / 53" ; UM Library inscription on p.3 "Dunning | Heyworth-Dunne | 6-13-51 | 71955" ; extensive glosses.</subfield></datafield><datafield tag="600" ind1="0" ind2="0"><subfield code="a">Ibn al-ʻArabī,</subfield><subfield code="d">1165-1240.</subfield><subfield code="t">Fuṣūṣ al-ḥikam.</subfield></datafield><datafield tag="600" ind1="1" ind2="0"><subfield code="a">Ṣadr al-Dīn al-Shīrāzī, Muḥammad ibn Ibrāhīm,</subfield><subfield code="d">d. 1641.</subfield><subfield code="t">Ḥikmah al-ʻarshīyah.</subfield></datafield><datafield tag="650" ind1=" " ind2="0"><subfield code="a">Manuscripts, Arabic</subfield><subfield code="z">Michigan</subfield><subfield code="z">Ann Arbor.</subfield></datafield><datafield tag="650" ind1=" " ind2="0"><subfield code="a">Sufism</subfield><subfield code="v">Early works to 1800.</subfield></datafield><datafield tag="650" ind1=" " ind2="0"><subfield code="a">Islamic philosophy</subfield><subfield code="v">Early works to 1800.</subfield></datafield><datafield tag="650" ind1=" " ind2="0"><subfield code="a">Metaphysics</subfield><subfield code="v">Early works to 1800.</subfield></datafield><datafield tag="650" ind1=" " ind2="0"><subfield code="a">Ontology</subfield><subfield code="v">Early works to 1800.</subfield></datafield><datafield tag="700" ind1="1" ind2=" "><subfield code="a">Heyworth-Dunne, J.</subfield><subfield code="q">(James),</subfield><subfield code="e">former owner.</subfield></datafield><datafield tag="700" ind1="0" ind2="2"><subfield code="6">880-11</subfield><subfield code="a">ʻAbd al-Razzāq al-Qāshānī,</subfield><subfield code="d">-1330?</subfield><subfield code="t">Sharḥ Fuṣūṣ al-ḥikam.</subfield></datafield><datafield tag="700" ind1="1" ind2="2"><subfield code="6">880-09</subfield><subfield code="a">Ṣadr al-Dīn al-Shīrāzī, Muḥammad ibn Ibrāhīm,</subfield><subfield code="d">d. 1641.</subfield><subfield code="t">Asrār al-āyāt.</subfield></datafield><datafield tag="700" ind1="1" ind2="2"><subfield code="6">880-08</subfield><subfield code="a">Iṣfahānī, Muḥammad Ismāʻīl ibn al-Sumayʻ.</subfield><subfield code="t">Sharḥ al-Risālah al-mawsūmah bi-al-ʻArshīyah.</subfield></datafield><datafield tag="700" ind1="1" ind2="2"><subfield code="6">880-06</subfield><subfield code="a">Ṣadr al-Dīn al-Shīrāzī, Muḥammad ibn Ibrāhīm,</subfield><subfield code="d">d. 1641.</subfield><subfield code="t">Ḥikmah al-ʻarshīyah.</subfield></datafield><datafield tag="700" ind1="1" ind2="2"><subfield code="6">880-05</subfield><subfield code="a">Ṭūsī, Naṣīr al-Dīn Muḥammad ibn Muḥammad,</subfield><subfield code="d">1201-1274.</subfield><subfield code="t">Risālah fī ḥaqīqat al-ʻilm wa-al-ʻālim wa-al-maʻlūm.</subfield></datafield><datafield tag="740" ind1="0" ind2="2"><subfield code="a">هذا كتاب اسرار الايات</subfield></datafield><datafield tag="740" ind1="0" ind2="2"><subfield code="a">هذه الرسالة المسماة بالعرشية</subfield></datafield><datafield tag="740" ind1="0" ind2="2"><subfield code="a">Risālah fī al-ʻilm al-ladunī wa-al-kasbī</subfield></datafield><datafield tag="773" ind1="0" ind2=" "><subfield code="a">Heyworth-Dunne Collection.</subfield></datafield><datafield tag="880" ind1="0" ind2="2"><subfield code="6">700-11/</subfield><subfield code="a">عبد الرزاق القاشاني.</subfield><subfield code="t">شرح فصوص الحكم.</subfield></datafield><datafield tag="880" ind1="1" ind2="2"><subfield code="6">700-09/</subfield><subfield code="a">صدر الدين الشيرازي، محمد بن ابراهيم.</subfield><subfield code="t">اسرار الايات.</subfield></datafield><datafield tag="880" ind1="1" ind2="2"><subfield code="6">700-08/</subfield><subfield code="a">اصفهاني، محمد اسماعيل بن السميع.</subfield><subfield code="t">شرح الرسالة الموسومة بالعرشية.</subfield></datafield><datafield tag="880" ind1="1" ind2="2"><subfield code="6">700-06/</subfield><subfield code="a">صدر الدين الشيرازي، محمد بن ابراهيم.</subfield><subfield code="t">حكمة العرشية.</subfield></datafield><datafield tag="880" ind1="1" ind2="2"><subfield code="6">700-05/</subfield><subfield code="a">طوسي، نصير الدين محمد بن محمد.</subfield><subfield code="t">رسالة في حقيقة العلم والعالم والمعلوم.</subfield></datafield><datafield tag="880" ind1="1" ind2="0"><subfield code="6">245-03/</subfield><subfield code="a">[رسالة المشاعر ...الخ،</subfield><subfield code="f">1354ه، 1935م].</subfield></datafield><datafield tag="880" ind1="1" ind2="0"><subfield code="6">240-02/</subfield><subfield code="a">مشاعر</subfield></datafield><datafield tag="880" ind1="1" ind2=" "><subfield code="6">100-01/</subfield><subfield code="a">صدر الدين شيرازي, محمد بن ابراهيم.</subfield></datafield><datafield tag="CID" ind1=" " ind2=" "><subfield code="a">006819164</subfield></datafield><datafield tag="DAT" ind1="0" ind2=" "><subfield code="a">20190719102639.0</subfield><subfield code="b">20190719000000.0</subfield></datafield><datafield tag="DAT" ind1="1" ind2=" "><subfield code="a">20190719090653.0</subfield><subfield code="b">2019-07-19T16:12:10Z</subfield></datafield><datafield tag="DAT" ind1="2" ind2=" "><subfield code="a">2015-09-17T18:00:03Z</subfield></datafield><datafield tag="CAT" ind1=" " ind2=" "><subfield code="a">SDR-MIU</subfield><subfield code="d">EX LIBRIS - ALEPH</subfield><subfield code="l">prepare.pl-004-008</subfield></datafield><datafield tag="FMT" ind1=" " ind2=" "><subfield code="a">BK</subfield></datafield><datafield tag="HOL" ind1=" " ind2=" "><subfield code="0">sdr-miu006819164</subfield><subfield code="a">MiU</subfield><subfield code="b">SDR</subfield><subfield code="c">MIU</subfield><subfield code="p">mdp.39015079130301</subfield><subfield code="s">MIU</subfield><subfield code="1">006819164</subfield></datafield><datafield tag="974" ind1=" " ind2=" "><subfield code="b">MIU</subfield><subfield code="c">MIU</subfield><subfield code="d">20190719</subfield><subfield code="s">lit-dlps-dc</subfield><subfield code="u">mdp.39015079130301</subfield><subfield code="y">1935</subfield><subfield code="r">ic-world</subfield><subfield code="q">man</subfield></datafield></record></collection>